<record><leader>00000cas a22000007a 4500</leader><controlfield tag="001">16396509</controlfield><controlfield tag="008">870806d19uu1926msuwr ne      0    0eng d</controlfield><datafield ind1=" " ind2=" " tag="010"><subfield code="a">sn 87065609 </subfield></datafield><datafield ind1=" " ind2=" " tag="040"><subfield code="a">MJA</subfield><subfield code="b">eng</subfield><subfield code="c">MJA</subfield><subfield code="d">MSJ</subfield><subfield code="d">OCLCQ</subfield></datafield><datafield ind1=" " ind2=" " tag="042"><subfield code="a">msc</subfield></datafield><datafield ind1="0" ind2=" " tag="130"><subfield code="a">East Mississippi times (Starkville, Miss. : 1908)</subfield></datafield><datafield ind1="1" ind2="0" tag="245"><subfield code="a">East Mississippi times.</subfield></datafield><datafield ind1=" " ind2=" " tag="260"><subfield code="a">Starkville, Miss. :</subfield><subfield code="b">Wm. Ward</subfield></datafield><datafield ind1=" " ind2=" " tag="310"><subfield code="a">Weekly</subfield></datafield><datafield ind1="1" ind2=" " tag="362"><subfield code="a">Ceased in 1926.</subfield></datafield><datafield ind1=" " ind2=" " tag="588"><subfield code="a">Description based on: Vol. 42, no. 6 (Jan. 3, 1908).</subfield></datafield><datafield ind1=" " ind2=" " tag="752"><subfield code="a">United States</subfield><subfield code="b">Mississippi</subfield><subfield code="c">Oktibbeha</subfield><subfield code="d">Starkville.</subfield></datafield><datafield ind1="0" ind2="4" tag="785"><subfield code="t">Starkville news</subfield><subfield code="w">(OCoLC)15500805</subfield></datafield></record>